% This file was created with JabRef 2.7b.
% Encoding: UTF-8

@ARTICLE{hosking1990moments,
  author = {Hosking, Jonathan RM},
  title = {L-moments: analysis and estimation of distributions using linear
	combinations of order statistics},
  journal = {Journal of the Royal Statistical Society. Series B (Methodological)},
  year = {1990},
  volume = {52},
  pages = {105--124},
  owner = {triffe},
  publisher = {JSTOR},
  timestamp = {2014.07.04}
}

@comment{jabref-meta: selector_publisher:}

@comment{jabref-meta: selector_author:}

@comment{jabref-meta: selector_journal:}

@comment{jabref-meta: selector_keywords:}

